@inproceedings{vennekens2004logic,
  title={Logic programs with annotated disjunctions},
  author={Vennekens, Joost and Verbaeten, Sofie and Bruynooghe, Maurice},
  booktitle={International Conference on Logic Programming},
  pages={431--445},
  year={2004},
  organization={Springer}
}

@article{isenor1986fingerprint,
  title={Fingerprint identification using graph matching},
  author={Isenor, DK and Zaky, Safwat G},
  journal={Pattern Recognition},
  volume={19},
  number={2},
  pages={113--122},
  year={1986},
  publisher={Elsevier}
}

@book{maltoni2009handbook,
  title={Handbook of fingerprint recognition},
  author={Maltoni, Davide and Maio, Dario and Jain, Anil K and Prabhakar, Salil},
  year={2009},
  publisher={Springer Science \& Business Media}
}

@inproceedings{sato1995statistical,
  title={A statistical learning method for logic programs with distribution semantics},
  author={Sato, Taisuke},
  booktitle={IN PROCEEDINGS OF THE 12TH INTERNATIONAL CONFERENCE ON LOGIC PROGRAMMING (ICLPâ€™95},
  year={1995},
  organization={Citeseer}
}

@article{alberti2017cplint,
  title={cplint on SWISH: Probabilistic logical inference with a web browser},
  author={Alberti, Marco and Bellodi, Elena and Cota, Giuseppe and Riguzzi, Fabrizio and Zese, Riccardo},
  journal={Intelligenza Artificiale},
  volume={11},
  number={1},
  pages={47--64},
  year={2017},
  publisher={IOS Press}
}
